% Encoding: windows-1252


@ARTICLE{SRIM,
   author = {{Ziegler}, J.~F. and {Ziegler}, M.~D. and {Biersack}, J.~P.},
    title = "{SRIM - The stopping and range of ions in matter (2010)}",
  journal = {Nuclear Instruments and Methods in Physics Research B},
     year = 2010,
    month = jun,
   volume = 268,
    pages = {1818-1823},
      doi = {10.1016/j.nimb.2010.02.091},
   adsurl = {http://adsabs.harvard.edu/abs/2010NIMPB.268.1818Z},
  adsnote = {Provided by the SAO/NASA Astrophysics Data System}
}

@Article{Lindhard1963,
  author   = {J. Lindhard and V. Nielsen and M. Scharff and P.V. Thomsen},
  title    = {Integral Equations Governing Radiation Effects},
  journal  = {Kgl. Danske Videnskab. Selskab, Mat.-Frys. Medd.},
  year     = {1963},
  volume   = {33},
}

@Article{Lindhard1968,
  author   = {J. Lindhard and V. Nielsen and M. Scharff},
  title    = {Approximation Method in Classical Scattering By Screened Coulomb Fields},
  journal  = {Kgl. Danske Videnskab. Selskab, Mat.-Frys. Medd.},
  year     = {1968},
  volume   = {36},
}

@Article{WSS,
  author   = {K.B. Winterborn and P. Sigmund and J. Sanders},
  journal  = {Kgl. Danske Videnskab. Selskab, Mat.-Frys. Medd.},
  year     = {1970},
  volume   = {37},
}

@Article{Kinchin1955,
  author   = {G.H. Kinchin and R.S. Pease},
  title    = {The mechanism of the irradiation disordering of alloys},
  journal  = {Journal of Nuclear Energy},
  year     = {1955},
  volume   = {1},
  pages    = {200-202},
}

@Article{Schwen2010,
  author   = {D. Schwen and R.S. Averback},
  title    = {Intragranular Xe bubble population evolution in UO2: A first passage Monte Carlo simulation approach},
  journal  = {Journal of Nuclear Materials},
  year     = {2010},
  volume   = {402},
  number   = {2-3},
  pages    = {116-123},
}

@Article{PC1980,
  author   = {C.A. Coulter and D.M. Parkin},
  title    = {Damage Energy Functions in Polyatomic Materials},
  journal  = {Journal of Nuclear Materials},
  year     = {1980},
  volume   = {88},
  number   = {1},
  pages    = {249–260},
}

@Article{PC1981,
  author   = {D.M. Parkin and C.A. Coulter},
  title    = {Total and Net Displacement Functions for Polyatomic Materials},
  journal  = {Journal of Nuclear Materials},
  year     = {1981},
  volume   = {101},
  number   = {1},
  pages    = {261–276},
}

@Article{Huang1993,
  author   = {H. Huang and N. Ghoniem},
  title    = {Neutron Displacement Damage Cross Sections for SiC},
  journal  = {Journal of Nuclear Materials},
  year     = {1993},
  volume   = {199},
  number   = {1},
  pages    = {221–230},
}

@book{GaryWas,
  title = "Fundamentals of radiation materials science: Metals and alloys",
  year = "2007",
  month = "12",
  doi = "10.1007/978-3-540-49472-0",
  isbn = "9783540494713",
  publisher = "Springer Berlin Heidelberg",
}

@book{GSL,
 author = {Gough, Brian},
 title = {GNU Scientific Library Reference Manual - Third Edition},
 year = {2009},
 isbn = {0954612078, 9780954612078},
 edition = {3rd},
 publisher = {Network Theory Ltd.},
} 

@Article{Derek2015,
  author    = {Derek R. Gaston and Cody J. Permann and John W. Peterson and Andrew E. Slaughter and David Andrs and Yaqi Wang and Michael P. Short and Danielle M. Perez and Michael R. Tonks and Javier Ortensi and Ling Zou and Richard C. Martineau},
  title     = {Physics-based multiscale coupling for full core nuclear reactor simulation},
  journal   = {Annals of Nuclear Energy},
  year      = {2015},
  volume    = {84},
  pages     = {45--54},
  doi       = {10.1016/j.anucene.2014.09.060},
  owner     = {WANGY2},
  timestamp = {2015.09.14},
}

@Comment{jabref-meta: databaseType:bibtex;}

@Comment{jabref-meta: fileDirectory:.;}

@Comment{jabref-meta: selector_journal:NSE;}
